%YAML 1.1
%TAG !u! tag:unity3d.com,2011:
--- !u!1 &652654188297478436
GameObject:
  m_ObjectHideFlags: 0
  m_CorrespondingSourceObject: {fileID: 0}
  m_PrefabInstance: {fileID: 0}
  m_PrefabAsset: {fileID: 0}
  serializedVersion: 6
  m_Component:
  - component: {fileID: 6445883674627216859}
  m_Layer: 9
  m_Name: Spear
  m_TagString: Untagged
  m_Icon: {fileID: 0}
  m_NavMeshLayer: 0
  m_StaticEditorFlags: 0
  m_IsActive: 1
--- !u!4 &6445883674627216859
Transform:
  m_ObjectHideFlags: 0
  m_CorrespondingSourceObject: {fileID: 0}
  m_PrefabInstance: {fileID: 0}
  m_PrefabAsset: {fileID: 0}
  m_GameObject: {fileID: 652654188297478436}
  m_LocalRotation: {x: -0.6847323, y: 0.7215742, z: -0.01055698, w: -0.10178873}
  m_LocalPosition: {x: -65.828384, y: -36.95967, z: 89.818924}
  m_LocalScale: {x: 1, y: 1, z: 1}
  m_Children: []
  m_Father: {fileID: 6993193247002097211}
  m_RootOrder: 1
  m_LocalEulerAnglesHint: {x: 8.8989, y: -171.67055, z: -86.60561}
--- !u!1 &922768518181218145
GameObject:
  m_ObjectHideFlags: 0
  m_CorrespondingSourceObject: {fileID: 0}
  m_PrefabInstance: {fileID: 0}
  m_PrefabAsset: {fileID: 0}
  serializedVersion: 6
  m_Component:
  - component: {fileID: 2384176362533766115}
  m_Layer: 9
  m_Name: Lower_Arm_L
  m_TagString: Untagged
  m_Icon: {fileID: 0}
  m_NavMeshLayer: 0
  m_StaticEditorFlags: 0
  m_IsActive: 1
--- !u!4 &2384176362533766115
Transform:
  m_ObjectHideFlags: 0
  m_CorrespondingSourceObject: {fileID: 0}
  m_PrefabInstance: {fileID: 0}
  m_PrefabAsset: {fileID: 0}
  m_GameObject: {fileID: 922768518181218145}
  m_LocalRotation: {x: -6.266388e-16, y: 0.6983541, z: 9.29319e-16, w: 0.7157524}
  m_LocalPosition: {x: -48.42781, y: 1.4210855e-14, z: 5.3290705e-15}
  m_LocalScale: {x: 1, y: 1, z: 1}
  m_Children:
  - {fileID: 2308143750584125754}
  m_Father: {fileID: 1055232299805990040}
  m_RootOrder: 0
  m_LocalEulerAnglesHint: {x: 0, y: 0, z: 0}
--- !u!1 &1157773024786957774
GameObject:
  m_ObjectHideFlags: 0
  m_CorrespondingSourceObject: {fileID: 0}
  m_PrefabInstance: {fileID: 0}
  m_PrefabAsset: {fileID: 0}
  serializedVersion: 6
  m_Component:
  - component: {fileID: 6993193247002097211}
  m_Layer: 9
  m_Name: Hips
  m_TagString: Untagged
  m_Icon: {fileID: 0}
  m_NavMeshLayer: 0
  m_StaticEditorFlags: 0
  m_IsActive: 1
--- !u!4 &6993193247002097211
Transform:
  m_ObjectHideFlags: 0
  m_CorrespondingSourceObject: {fileID: 0}
  m_PrefabInstance: {fileID: 0}
  m_PrefabAsset: {fileID: 0}
  m_GameObject: {fileID: 1157773024786957774}
  m_LocalRotation: {x: -0.3929654, y: 0.58785903, z: -0.3929654, w: 0.58785903}
  m_LocalPosition: {x: 0, y: 0, z: 0}
  m_LocalScale: {x: 0.0066666696, y: 0.0066666678, z: 0.0066666696}
  m_Children:
  - {fileID: 5599452479530630783}
  - {fileID: 6445883674627216859}
  - {fileID: 8821856944893411709}
  - {fileID: 6326476028537811427}
  - {fileID: 5705515703692060780}
  m_Father: {fileID: 6693110653663968349}
  m_RootOrder: 1
  m_LocalEulerAnglesHint: {x: 0, y: 0, z: 0}
--- !u!1 &1606687462112993157
GameObject:
  m_ObjectHideFlags: 0
  m_CorrespondingSourceObject: {fileID: 0}
  m_PrefabInstance: {fileID: 0}
  m_PrefabAsset: {fileID: 0}
  serializedVersion: 6
  m_Component:
  - component: {fileID: 6760345023465894218}
  m_Layer: 9
  m_Name: Toes_R
  m_TagString: Untagged
  m_Icon: {fileID: 0}
  m_NavMeshLayer: 0
  m_StaticEditorFlags: 0
  m_IsActive: 1
--- !u!4 &6760345023465894218
Transform:
  m_ObjectHideFlags: 0
  m_CorrespondingSourceObject: {fileID: 0}
  m_PrefabInstance: {fileID: 0}
  m_PrefabAsset: {fileID: 0}
  m_GameObject: {fileID: 1606687462112993157}
  m_LocalRotation: {x: 0.70523, y: 0.03073211, z: 0.7075692, w: -0.03243541}
  m_LocalPosition: {x: -30.23226, y: 2.5359076e-15, z: -1.947197e-15}
  m_LocalScale: {x: 1, y: 1, z: 1}
  m_Children: []
  m_Father: {fileID: 3973249425552916189}
  m_RootOrder: 0
  m_LocalEulerAnglesHint: {x: 0, y: 0, z: 0}
--- !u!1 &1622646484256623388
GameObject:
  m_ObjectHideFlags: 0
  m_CorrespondingSourceObject: {fileID: 0}
  m_PrefabInstance: {fileID: 0}
  m_PrefabAsset: {fileID: 0}
  serializedVersion: 6
  m_Component:
  - component: {fileID: 3973249425552916189}
  m_Layer: 9
  m_Name: Foot_R
  m_TagString: Untagged
  m_Icon: {fileID: 0}
  m_NavMeshLayer: 0
  m_StaticEditorFlags: 0
  m_IsActive: 1
--- !u!4 &3973249425552916189
Transform:
  m_ObjectHideFlags: 0
  m_CorrespondingSourceObject: {fileID: 0}
  m_PrefabInstance: {fileID: 0}
  m_PrefabAsset: {fileID: 0}
  m_GameObject: {fileID: 1622646484256623388}
  m_LocalRotation: {x: 0.10509331, y: 0.0045530824, z: -0.7925085, w: 0.60072047}
  m_LocalPosition: {x: -12.725181, y: -4.6840583e-15, z: -3.250402e-15}
  m_LocalScale: {x: 1, y: 1, z: 1}
  m_Children:
  - {fileID: 6760345023465894218}
  m_Father: {fileID: 859291072284352692}
  m_RootOrder: 0
  m_LocalEulerAnglesHint: {x: 0, y: 0, z: 0}
--- !u!1 &1884482799630890237
GameObject:
  m_ObjectHideFlags: 0
  m_CorrespondingSourceObject: {fileID: 0}
  m_PrefabInstance: {fileID: 0}
  m_PrefabAsset: {fileID: 0}
  serializedVersion: 6
  m_Component:
  - component: {fileID: 5825523079060994648}
  m_Layer: 9
  m_Name: Index_Proximal_L
  m_TagString: Untagged
  m_Icon: {fileID: 0}
  m_NavMeshLayer: 0
  m_StaticEditorFlags: 0
  m_IsActive: 1
--- !u!4 &5825523079060994648
Transform:
  m_ObjectHideFlags: 0
  m_CorrespondingSourceObject: {fileID: 0}
  m_PrefabInstance: {fileID: 0}
  m_PrefabAsset: {fileID: 0}
  m_GameObject: {fileID: 1884482799630890237}
  m_LocalRotation: {x: 0, y: -0.0075011007, z: -0, w: 0.99997187}
  m_LocalPosition: {x: -19.24054, y: -5.684342e-14, z: 6.7179575e-16}
  m_LocalScale: {x: 1, y: 1, z: 1}
  m_Children: []
  m_Father: {fileID: 2308143750584125754}
  m_RootOrder: 0
  m_LocalEulerAnglesHint: {x: 0, y: -0.8595713, z: 0}
--- !u!1 &2071407881009168919
GameObject:
  m_ObjectHideFlags: 0
  m_CorrespondingSourceObject: {fileID: 0}
  m_PrefabInstance: {fileID: 0}
  m_PrefabAsset: {fileID: 0}
  serializedVersion: 6
  m_Component:
  - component: {fileID: 859291072284352692}
  m_Layer: 9
  m_Name: Rower_Reg_R
  m_TagString: Untagged
  m_Icon: {fileID: 0}
  m_NavMeshLayer: 0
  m_StaticEditorFlags: 0
  m_IsActive: 1
--- !u!4 &859291072284352692
Transform:
  m_ObjectHideFlags: 0
  m_CorrespondingSourceObject: {fileID: 0}
  m_PrefabInstance: {fileID: 0}
  m_PrefabAsset: {fileID: 0}
  m_GameObject: {fileID: 2071407881009168919}
  m_LocalRotation: {x: 0.00033851096, y: 0.0044828868, z: 0.28768668, w: 0.9577141}
  m_LocalPosition: {x: -19.706646, y: -2.9222948e-15, z: 3.3049352e-16}
  m_LocalScale: {x: 1, y: 1, z: 1}
  m_Children:
  - {fileID: 3973249425552916189}
  m_Father: {fileID: 5705515703692060780}
  m_RootOrder: 0
  m_LocalEulerAnglesHint: {x: 0, y: 0, z: 0}
--- !u!1 &2104721294352236297
GameObject:
  m_ObjectHideFlags: 0
  m_CorrespondingSourceObject: {fileID: 0}
  m_PrefabInstance: {fileID: 0}
  m_PrefabAsset: {fileID: 0}
  serializedVersion: 6
  m_Component:
  - component: {fileID: 5705515703692060780}
  m_Layer: 9
  m_Name: Upper_Reg_R
  m_TagString: Untagged
  m_Icon: {fileID: 0}
  m_NavMeshLayer: 0
  m_StaticEditorFlags: 0
  m_IsActive: 1
--- !u!4 &5705515703692060780
Transform:
  m_ObjectHideFlags: 0
  m_CorrespondingSourceObject: {fileID: 0}
  m_PrefabInstance: {fileID: 0}
  m_PrefabAsset: {fileID: 0}
  m_GameObject: {fileID: 2104721294352236297}
  m_LocalRotation: {x: -0.07119998, y: 0.011425301, z: 0.942253, w: 0.32704636}
  m_LocalPosition: {x: 6.1089716, y: 0.064635575, z: 21.6641}
  m_LocalScale: {x: 1, y: 1, z: 1}
  m_Children:
  - {fileID: 859291072284352692}
  m_Father: {fileID: 6993193247002097211}
  m_RootOrder: 4
  m_LocalEulerAnglesHint: {x: 0, y: 0, z: 0}
--- !u!1 &2115296441536345382
GameObject:
  m_ObjectHideFlags: 0
  m_CorrespondingSourceObject: {fileID: 0}
  m_PrefabInstance: {fileID: 0}
  m_PrefabAsset: {fileID: 0}
  serializedVersion: 6
  m_Component:
  - component: {fileID: 8821856944893411709}
  m_Layer: 9
  m_Name: Spine
  m_TagString: Untagged
  m_Icon: {fileID: 0}
  m_NavMeshLayer: 0
  m_StaticEditorFlags: 0
  m_IsActive: 1
--- !u!4 &8821856944893411709
Transform:
  m_ObjectHideFlags: 0
  m_CorrespondingSourceObject: {fileID: 0}
  m_PrefabInstance: {fileID: 0}
  m_PrefabAsset: {fileID: 0}
  m_GameObject: {fileID: 2115296441536345382}
  m_LocalRotation: {x: 0.97750854, y: -0.210896, z: 1.5733579e-17, w: 6.6035734e-17}
  m_LocalPosition: {x: -30.205532, y: 6.9062014e-15, z: 1.0060464e-14}
  m_LocalScale: {x: 1, y: 1, z: 1}
  m_Children:
  - {fileID: 4558075087570113304}
  - {fileID: 8247365970575912610}
  - {fileID: 3697214725438564993}
  - {fileID: 1055232299805990040}
  - {fileID: 3965988288789638677}
  m_Father: {fileID: 6993193247002097211}
  m_RootOrder: 2
  m_LocalEulerAnglesHint: {x: 0, y: 0, z: 0}
--- !u!1 &2281666086250144446
GameObject:
  m_ObjectHideFlags: 0
  m_CorrespondingSourceObject: {fileID: 0}
  m_PrefabInstance: {fileID: 0}
  m_PrefabAsset: {fileID: 0}
  serializedVersion: 6
  m_Component:
  - component: {fileID: 4958590262468420841}
  m_Layer: 9
  m_Name: Hand_R
  m_TagString: Untagged
  m_Icon: {fileID: 0}
  m_NavMeshLayer: 0
  m_StaticEditorFlags: 0
  m_IsActive: 1
--- !u!4 &4958590262468420841
Transform:
  m_ObjectHideFlags: 0
  m_CorrespondingSourceObject: {fileID: 0}
  m_PrefabInstance: {fileID: 0}
  m_PrefabAsset: {fileID: 0}
  m_GameObject: {fileID: 2281666086250144446}
  m_LocalRotation: {x: 0.49293783, y: 0.22724104, z: 0.26029545, w: 0.79851115}
  m_LocalPosition: {x: -33.928864, y: 3.2509795e-14, z: -9.2915415e-15}
  m_LocalScale: {x: 1, y: 1, z: 1}
  m_Children:
  - {fileID: 7276056856491383859}
  m_Father: {fileID: 3351667618754497267}
  m_RootOrder: 0
  m_LocalEulerAnglesHint: {x: 0, y: 0, z: 0}
--- !u!1 &2493017104755856422
GameObject:
  m_ObjectHideFlags: 0
  m_CorrespondingSourceObject: {fileID: 0}
  m_PrefabInstance: {fileID: 0}
  m_PrefabAsset: {fileID: 0}
  serializedVersion: 6
  m_Component:
  - component: {fileID: 7276056856491383859}
  m_Layer: 9
  m_Name: Index_Proximal_R
  m_TagString: Untagged
  m_Icon: {fileID: 0}
  m_NavMeshLayer: 0
  m_StaticEditorFlags: 0
  m_IsActive: 1
--- !u!4 &7276056856491383859
Transform:
  m_ObjectHideFlags: 0
  m_CorrespondingSourceObject: {fileID: 0}
  m_PrefabInstance: {fileID: 0}
  m_PrefabAsset: {fileID: 0}
  m_GameObject: {fileID: 2493017104755856422}
  m_LocalRotation: {x: 0.007501251, y: -4.593192e-19, z: 0.99997187, w: 6.1230615e-17}
  m_LocalPosition: {x: -19.240166, y: 2.3472753e-15, z: 1.9342553e-14}
  m_LocalScale: {x: 1, y: 1, z: 1}
  m_Children: []
  m_Father: {fileID: 4958590262468420841}
  m_RootOrder: 0
  m_LocalEulerAnglesHint: {x: 8.570929e-17, y: 0.8595882, z: 180}
--- !u!1 &2866343382866201375
GameObject:
  m_ObjectHideFlags: 0
  m_CorrespondingSourceObject: {fileID: 0}
  m_PrefabInstance: {fileID: 0}
  m_PrefabAsset: {fileID: 0}
  serializedVersion: 6
  m_Component:
  - component: {fileID: 1055232299805990040}
  m_Layer: 9
  m_Name: Upper_Arm_L
  m_TagString: Untagged
  m_Icon: {fileID: 0}
  m_NavMeshLayer: 0
  m_StaticEditorFlags: 0
  m_IsActive: 1
--- !u!4 &1055232299805990040
Transform:
  m_ObjectHideFlags: 0
  m_CorrespondingSourceObject: {fileID: 0}
  m_PrefabInstance: {fileID: 0}
  m_PrefabAsset: {fileID: 0}
  m_GameObject: {fileID: 2866343382866201375}
  m_LocalRotation: {x: -0.4194843, y: 0.56286, z: 0.65476775, w: 0.28017974}
  m_LocalPosition: {x: -13.486502, y: -5.004246, z: 28.74915}
  m_LocalScale: {x: 1, y: 1, z: 1}
  m_Children:
  - {fileID: 2384176362533766115}
  m_Father: {fileID: 8821856944893411709}
  m_RootOrder: 3
  m_LocalEulerAnglesHint: {x: 0, y: 0, z: 0}
--- !u!1 &2960709765935711933
GameObject:
  m_ObjectHideFlags: 0
  m_CorrespondingSourceObject: {fileID: 0}
  m_PrefabInstance: {fileID: 0}
  m_PrefabAsset: {fileID: 0}
  serializedVersion: 6
  m_Component:
  - component: {fileID: 5699594107802070157}
  m_Layer: 9
  m_Name: Lower_Leg_L
  m_TagString: Untagged
  m_Icon: {fileID: 0}
  m_NavMeshLayer: 0
  m_StaticEditorFlags: 0
  m_IsActive: 1
--- !u!4 &5699594107802070157
Transform:
  m_ObjectHideFlags: 0
  m_CorrespondingSourceObject: {fileID: 0}
  m_PrefabInstance: {fileID: 0}
  m_PrefabAsset: {fileID: 0}
  m_GameObject: {fileID: 2960709765935711933}
  m_LocalRotation: {x: -0.00047793734, y: -0.0024895156, z: 0.15873405, w: 0.98731816}
  m_LocalPosition: {x: -19.706656, y: 1.6247058e-15, z: 1.72265e-15}
  m_LocalScale: {x: 1, y: 1, z: 1}
  m_Children:
  - {fileID: 5356805371051829273}
  m_Father: {fileID: 6326476028537811427}
  m_RootOrder: 0
  m_LocalEulerAnglesHint: {x: 0, y: 0, z: 0}
--- !u!1 &3495276231623917075
GameObject:
  m_ObjectHideFlags: 0
  m_CorrespondingSourceObject: {fileID: 0}
  m_PrefabInstance: {fileID: 0}
  m_PrefabAsset: {fileID: 0}
  serializedVersion: 6
  m_Component:
  - component: {fileID: 8247365970575912610}
  m_Layer: 9
  m_Name: Armor_R
  m_TagString: Untagged
  m_Icon: {fileID: 0}
  m_NavMeshLayer: 0
  m_StaticEditorFlags: 0
  m_IsActive: 1
--- !u!4 &8247365970575912610
Transform:
  m_ObjectHideFlags: 0
  m_CorrespondingSourceObject: {fileID: 0}
  m_PrefabInstance: {fileID: 0}
  m_PrefabAsset: {fileID: 0}
  m_GameObject: {fileID: 3495276231623917075}
  m_LocalRotation: {x: 0.5233377, y: 0.47551832, z: -0.5233377, w: 0.47551832}
  m_LocalPosition: {x: -24.496006, y: -9.366882, z: -50.2202}
  m_LocalScale: {x: 1, y: 1, z: 1}
  m_Children: []
  m_Father: {fileID: 8821856944893411709}
  m_RootOrder: 1
  m_LocalEulerAnglesHint: {x: 84.518265, y: -90.000015, z: 178.7392}
--- !u!1 &3609227143029727527
GameObject:
  m_ObjectHideFlags: 0
  m_CorrespondingSourceObject: {fileID: 0}
  m_PrefabInstance: {fileID: 0}
  m_PrefabAsset: {fileID: 0}
  serializedVersion: 6
  m_Component:
  - component: {fileID: 5356805371051829273}
  m_Layer: 9
  m_Name: Foot_L
  m_TagString: Untagged
  m_Icon: {fileID: 0}
  m_NavMeshLayer: 0
  m_StaticEditorFlags: 0
  m_IsActive: 1
--- !u!4 &5356805371051829273
Transform:
  m_ObjectHideFlags: 0
  m_CorrespondingSourceObject: {fileID: 0}
  m_PrefabInstance: {fileID: 0}
  m_PrefabAsset: {fileID: 0}
  m_GameObject: {fileID: 3609227143029727527}
  m_LocalRotation: {x: -0.13012552, y: -0.012504229, z: -0.82552004, w: 0.5490243}
  m_LocalPosition: {x: -12.725127, y: 7.9701915e-16, z: -2.095928e-15}
  m_LocalScale: {x: 1, y: 1, z: 1}
  m_Children:
  - {fileID: 2443315499102462084}
  m_Father: {fileID: 5699594107802070157}
  m_RootOrder: 0
  m_LocalEulerAnglesHint: {x: 0, y: 0, z: 0}
--- !u!1 &4393500512173088974
GameObject:
  m_ObjectHideFlags: 0
  m_CorrespondingSourceObject: {fileID: 0}
  m_PrefabInstance: {fileID: 0}
  m_PrefabAsset: {fileID: 0}
  serializedVersion: 6
  m_Component:
  - component: {fileID: 3965988288789638677}
  m_Layer: 9
  m_Name: Upper_Arm_R
  m_TagString: Untagged
  m_Icon: {fileID: 0}
  m_NavMeshLayer: 0
  m_StaticEditorFlags: 0
  m_IsActive: 1
--- !u!4 &3965988288789638677
Transform:
  m_ObjectHideFlags: 0
  m_CorrespondingSourceObject: {fileID: 0}
  m_PrefabInstance: {fileID: 0}
  m_PrefabAsset: {fileID: 0}
  m_GameObject: {fileID: 4393500512173088974}
  m_LocalRotation: {x: 0.48308462, y: -0.44743487, z: 0.6964551, w: 0.28527448}
  m_LocalPosition: {x: -13.486496, y: -5.0042467, z: -28.7491}
  m_LocalScale: {x: 1, y: 1, z: 1}
  m_Children:
  - {fileID: 3351667618754497267}
  m_Father: {fileID: 8821856944893411709}
  m_RootOrder: 4
  m_LocalEulerAnglesHint: {x: 0, y: 0, z: 0}
--- !u!1 &4518093802471686429
GameObject:
  m_ObjectHideFlags: 0
  m_CorrespondingSourceObject: {fileID: 0}
  m_PrefabInstance: {fileID: 0}
  m_PrefabAsset: {fileID: 0}
  serializedVersion: 6
  m_Component:
  - component: {fileID: 6693110653663968349}
  - component: {fileID: 3449989328448392971}
  - component: {fileID: 6287597194965158939}
  - component: {fileID: 1068546451800681513}
  - component: {fileID: 4518093802471686432}
  - component: {fileID: 4518093802471686433}
  m_Layer: 9
  m_Name: Guard
  m_TagString: Untagged
  m_Icon: {fileID: 0}
  m_NavMeshLayer: 0
  m_StaticEditorFlags: 0
  m_IsActive: 1
--- !u!4 &6693110653663968349
Transform:
  m_ObjectHideFlags: 0
  m_CorrespondingSourceObject: {fileID: 0}
  m_PrefabInstance: {fileID: 0}
  m_PrefabAsset: {fileID: 0}
  m_GameObject: {fileID: 4518093802471686429}
  m_LocalRotation: {x: 0, y: 0, z: 0, w: 1}
  m_LocalPosition: {x: 35.384743, y: 0.14209461, z: 29.121017}
  m_LocalScale: {x: 1.5, y: 1.5, z: 1.5}
  m_Children:
  - {fileID: 6466076391461125692}
  - {fileID: 6993193247002097211}
  m_Father: {fileID: 0}
  m_RootOrder: 0
  m_LocalEulerAnglesHint: {x: 0, y: 0, z: 0}
--- !u!95 &3449989328448392971
Animator:
  serializedVersion: 3
  m_ObjectHideFlags: 0
  m_CorrespondingSourceObject: {fileID: 0}
  m_PrefabInstance: {fileID: 0}
  m_PrefabAsset: {fileID: 0}
  m_GameObject: {fileID: 4518093802471686429}
  m_Enabled: 1
  m_Avatar: {fileID: 9000000, guid: 269a4022d09a5a644bd0117939ee73c3, type: 3}
  m_Controller: {fileID: 9100000, guid: 4ae2cb3e85c6d3e40a73c7e709d11325, type: 2}
  m_CullingMode: 1
  m_UpdateMode: 0
  m_ApplyRootMotion: 0
  m_LinearVelocityBlending: 0
  m_WarningMessage: 
  m_HasTransformHierarchy: 1
  m_AllowConstantClipSamplingOptimization: 1
  m_KeepAnimatorControllerStateOnDisable: 0
--- !u!114 &6287597194965158939
MonoBehaviour:
  m_ObjectHideFlags: 0
  m_CorrespondingSourceObject: {fileID: 0}
  m_PrefabInstance: {fileID: 0}
  m_PrefabAsset: {fileID: 0}
  m_GameObject: {fileID: 4518093802471686429}
  m_Enabled: 1
  m_EditorHideFlags: 0
  m_Script: {fileID: 11500000, guid: dceee6000d4704343885db6d99412f6f, type: 3}
  m_Name: 
  m_EditorClassIdentifier: 
  behaviourTreeType: 0
  sensorySystem:
    targetLostMaxTime: 10
    fovAngle: 90
    fovDistance: 20
--- !u!195 &1068546451800681513
NavMeshAgent:
  m_ObjectHideFlags: 0
  m_CorrespondingSourceObject: {fileID: 0}
  m_PrefabInstance: {fileID: 0}
  m_PrefabAsset: {fileID: 0}
  m_GameObject: {fileID: 4518093802471686429}
  m_Enabled: 1
  m_AgentTypeID: 0
  m_Radius: 0.5
  m_Speed: 2
  m_Acceleration: 4
  avoidancePriority: 50
  m_AngularSpeed: 720
  m_StoppingDistance: 0
  m_AutoTraverseOffMeshLink: 0
  m_AutoBraking: 1
  m_AutoRepath: 0
  m_Height: 1.45
  m_BaseOffset: -0.18
  m_WalkableMask: 1
  m_ObstacleAvoidanceType: 4
--- !u!54 &4518093802471686432
Rigidbody:
  m_ObjectHideFlags: 0
  m_CorrespondingSourceObject: {fileID: 0}
  m_PrefabInstance: {fileID: 0}
  m_PrefabAsset: {fileID: 0}
  m_GameObject: {fileID: 4518093802471686429}
  serializedVersion: 2
  m_Mass: 1
  m_Drag: 1
  m_AngularDrag: 0.05
  m_UseGravity: 1
  m_IsKinematic: 1
  m_Interpolate: 1
  m_Constraints: 116
  m_CollisionDetection: 0
--- !u!136 &4518093802471686433
CapsuleCollider:
  m_ObjectHideFlags: 0
  m_CorrespondingSourceObject: {fileID: 0}
  m_PrefabInstance: {fileID: 0}
  m_PrefabAsset: {fileID: 0}
  m_GameObject: {fileID: 4518093802471686429}
  m_Material: {fileID: 0}
  m_IsTrigger: 0
  m_Enabled: 1
  m_Radius: 0.5
  m_Height: 1.95
  m_Direction: 1
  m_Center: {x: 0, y: 0.68, z: 0}
--- !u!1 &5586080704768622719
GameObject:
  m_ObjectHideFlags: 0
  m_CorrespondingSourceObject: {fileID: 0}
  m_PrefabInstance: {fileID: 0}
  m_PrefabAsset: {fileID: 0}
  serializedVersion: 6
  m_Component:
  - component: {fileID: 6326476028537811427}
  m_Layer: 9
  m_Name: Upper_Leg_L
  m_TagString: Untagged
  m_Icon: {fileID: 0}
  m_NavMeshLayer: 0
  m_StaticEditorFlags: 0
  m_IsActive: 1
--- !u!4 &6326476028537811427
Transform:
  m_ObjectHideFlags: 0
  m_CorrespondingSourceObject: {fileID: 0}
  m_PrefabInstance: {fileID: 0}
  m_PrefabAsset: {fileID: 0}
  m_GameObject: {fileID: 5586080704768622719}
  m_LocalRotation: {x: 0.07037168, y: -0.026102787, z: 0.98782545, w: 0.13626207}
  m_LocalPosition: {x: 6.1090007, y: 0.06462748, z: -21.66414}
  m_LocalScale: {x: 1, y: 1, z: 1}
  m_Children:
  - {fileID: 5699594107802070157}
  m_Father: {fileID: 6993193247002097211}
  m_RootOrder: 3
  m_LocalEulerAnglesHint: {x: 0, y: 0, z: 0}
--- !u!1 &6725947413201215382
GameObject:
  m_ObjectHideFlags: 0
  m_CorrespondingSourceObject: {fileID: 0}
  m_PrefabInstance: {fileID: 0}
  m_PrefabAsset: {fileID: 0}
  serializedVersion: 6
  m_Component:
  - component: {fileID: 3697214725438564993}
  m_Layer: 9
  m_Name: Head
  m_TagString: Untagged
  m_Icon: {fileID: 0}
  m_NavMeshLayer: 0
  m_StaticEditorFlags: 0
  m_IsActive: 1
--- !u!4 &3697214725438564993
Transform:
  m_ObjectHideFlags: 0
  m_CorrespondingSourceObject: {fileID: 0}
  m_PrefabInstance: {fileID: 0}
  m_PrefabAsset: {fileID: 0}
  m_GameObject: {fileID: 6725947413201215382}
  m_LocalRotation: {x: -0.4641453, y: 0.53345025, z: 0.4641453, w: 0.53345025}
  m_LocalPosition: {x: -49.91221, y: 7.976815e-15, z: -6.3166343e-15}
  m_LocalScale: {x: 1, y: 1, z: 1}
  m_Children: []
  m_Father: {fileID: 8821856944893411709}
  m_RootOrder: 2
  m_LocalEulerAnglesHint: {x: 0, y: 0, z: 0}
--- !u!1 &7538356081112609232
GameObject:
  m_ObjectHideFlags: 0
  m_CorrespondingSourceObject: {fileID: 0}
  m_PrefabInstance: {fileID: 0}
  m_PrefabAsset: {fileID: 0}
  serializedVersion: 6
  m_Component:
  - component: {fileID: 6466076391461125692}
  - component: {fileID: 2844830662180317860}
  m_Layer: 9
  m_Name: FootmanMesh
  m_TagString: Untagged
  m_Icon: {fileID: 0}
  m_NavMeshLayer: 0
  m_StaticEditorFlags: 0
  m_IsActive: 1
--- !u!4 &6466076391461125692
Transform:
  m_ObjectHideFlags: 0
  m_CorrespondingSourceObject: {fileID: 0}
  m_PrefabInstance: {fileID: 0}
  m_PrefabAsset: {fileID: 0}
  m_GameObject: {fileID: 7538356081112609232}
  m_LocalRotation: {x: -0, y: -0, z: -0, w: 1}
  m_LocalPosition: {x: 0, y: 0, z: 0}
  m_LocalScale: {x: 0.006666667, y: 0.006666667, z: 0.006666667}
  m_Children: []
  m_Father: {fileID: 6693110653663968349}
  m_RootOrder: 0
  m_LocalEulerAnglesHint: {x: 0, y: 0, z: 0}
--- !u!137 &2844830662180317860
SkinnedMeshRenderer:
  m_ObjectHideFlags: 0
  m_CorrespondingSourceObject: {fileID: 0}
  m_PrefabInstance: {fileID: 0}
  m_PrefabAsset: {fileID: 0}
  m_GameObject: {fileID: 7538356081112609232}
  m_Enabled: 1
  m_CastShadows: 1
  m_ReceiveShadows: 1
  m_DynamicOccludee: 1
  m_MotionVectors: 1
  m_LightProbeUsage: 0
  m_ReflectionProbeUsage: 1
  m_RenderingLayerMask: 1
  m_RendererPriority: 0
  m_Materials:
  - {fileID: 2100000, guid: d00167a3bf66725439ef5da3c0bbe05a, type: 2}
  m_StaticBatchInfo:
    firstSubMesh: 0
    subMeshCount: 0
  m_StaticBatchRoot: {fileID: 0}
  m_ProbeAnchor: {fileID: 0}
  m_LightProbeVolumeOverride: {fileID: 0}
  m_ScaleInLightmap: 1
  m_PreserveUVs: 0
  m_IgnoreNormalsForChartDetection: 0
  m_ImportantGI: 0
  m_StitchLightmapSeams: 0
  m_SelectedEditorRenderState: 3
  m_MinimumChartSize: 4
  m_AutoUVMaxDistance: 0.5
  m_AutoUVMaxAngle: 89
  m_LightmapParameters: {fileID: 0}
  m_SortingLayerID: 0
  m_SortingLayer: 0
  m_SortingOrder: 0
  serializedVersion: 2
  m_Quality: 0
  m_UpdateWhenOffscreen: 0
  m_SkinnedMotionVectors: 1
  m_Mesh: {fileID: 4300000, guid: d06688f72e50aaa48b0dea3435bfe092, type: 3}
  m_Bones:
  - {fileID: 6993193247002097211}
  - {fileID: 8821856944893411709}
  - {fileID: 3697214725438564993}
  - {fileID: 4558075087570113304}
  - {fileID: 1055232299805990040}
  - {fileID: 2384176362533766115}
  - {fileID: 2308143750584125754}
  - {fileID: 3965988288789638677}
  - {fileID: 3351667618754497267}
  - {fileID: 4958590262468420841}
  - {fileID: 7276056856491383859}
  - {fileID: 8247365970575912610}
  - {fileID: 6326476028537811427}
  - {fileID: 5699594107802070157}
  - {fileID: 5356805371051829273}
  - {fileID: 2443315499102462084}
  - {fileID: 5599452479530630783}
  - {fileID: 6445883674627216859}
  - {fileID: 5705515703692060780}
  - {fileID: 859291072284352692}
  - {fileID: 3973249425552916189}
  - {fileID: 6760345023465894218}
  m_BlendShapeWeights: []
  m_RootBone: {fileID: 6993193247002097211}
  m_AABB:
    m_Center: {x: -104.16325, y: 9.737469, z: 2.0182877}
    m_Extent: {x: 157.78899, y: 77.53424, z: 119.81869}
  m_DirtyAABB: 0
--- !u!1 &7795117789136748895
GameObject:
  m_ObjectHideFlags: 0
  m_CorrespondingSourceObject: {fileID: 0}
  m_PrefabInstance: {fileID: 0}
  m_PrefabAsset: {fileID: 0}
  serializedVersion: 6
  m_Component:
  - component: {fileID: 2308143750584125754}
  m_Layer: 9
  m_Name: Hand_L
  m_TagString: Untagged
  m_Icon: {fileID: 0}
  m_NavMeshLayer: 0
  m_StaticEditorFlags: 0
  m_IsActive: 1
--- !u!4 &2308143750584125754
Transform:
  m_ObjectHideFlags: 0
  m_CorrespondingSourceObject: {fileID: 0}
  m_PrefabInstance: {fileID: 0}
  m_PrefabAsset: {fileID: 0}
  m_GameObject: {fileID: 7795117789136748895}
  m_LocalRotation: {x: 0.27408946, y: -0.13982205, z: 0.14323573, w: 0.94064254}
  m_LocalPosition: {x: -33.92854, y: 2.6137596e-30, z: -6.1428837e-15}
  m_LocalScale: {x: 1, y: 1, z: 1}
  m_Children:
  - {fileID: 5825523079060994648}
  m_Father: {fileID: 2384176362533766115}
  m_RootOrder: 0
  m_LocalEulerAnglesHint: {x: 0, y: 0, z: 0}
--- !u!1 &8567554765804472469
GameObject:
  m_ObjectHideFlags: 0
  m_CorrespondingSourceObject: {fileID: 0}
  m_PrefabInstance: {fileID: 0}
  m_PrefabAsset: {fileID: 0}
  serializedVersion: 6
  m_Component:
  - component: {fileID: 4558075087570113304}
  m_Layer: 9
  m_Name: Armor_L
  m_TagString: Untagged
  m_Icon: {fileID: 0}
  m_NavMeshLayer: 0
  m_StaticEditorFlags: 0
  m_IsActive: 1
--- !u!4 &4558075087570113304
Transform:
  m_ObjectHideFlags: 0
  m_CorrespondingSourceObject: {fileID: 0}
  m_PrefabInstance: {fileID: 0}
  m_PrefabAsset: {fileID: 0}
  m_GameObject: {fileID: 8567554765804472469}
  m_LocalRotation: {x: -0.47551832, y: 0.5233377, z: 0.47551832, w: 0.5233377}
  m_LocalPosition: {x: -24.495975, y: -9.366881, z: 50.220203}
  m_LocalScale: {x: 1, y: 1, z: 1}
  m_Children: []
  m_Father: {fileID: 8821856944893411709}
  m_RootOrder: 0
  m_LocalEulerAnglesHint: {x: -84.518196, y: 89.999916, z: -4.904375}
--- !u!1 &8854925869865766699
GameObject:
  m_ObjectHideFlags: 0
  m_CorrespondingSourceObject: {fileID: 0}
  m_PrefabInstance: {fileID: 0}
  m_PrefabAsset: {fileID: 0}
  serializedVersion: 6
  m_Component:
  - component: {fileID: 3351667618754497267}
  m_Layer: 9
  m_Name: Rower_Arm_R
  m_TagString: Untagged
  m_Icon: {fileID: 0}
  m_NavMeshLayer: 0
  m_StaticEditorFlags: 0
  m_IsActive: 1
--- !u!4 &3351667618754497267
Transform:
  m_ObjectHideFlags: 0
  m_CorrespondingSourceObject: {fileID: 0}
  m_PrefabInstance: {fileID: 0}
  m_PrefabAsset: {fileID: 0}
  m_GameObject: {fileID: 8854925869865766699}
  m_LocalRotation: {x: -1.9319216e-15, y: -0.6000675, z: -3.3325804e-15, w: 0.7999494}
  m_LocalPosition: {x: -48.42789, y: -7.070092e-15, z: 7.0529198e-15}
  m_LocalScale: {x: 1, y: 1, z: 1}
  m_Children:
  - {fileID: 4958590262468420841}
  m_Father: {fileID: 3965988288789638677}
  m_RootOrder: 0
  m_LocalEulerAnglesHint: {x: 0, y: 0, z: 0}
--- !u!1 &8958737997533000783
GameObject:
  m_ObjectHideFlags: 0
  m_CorrespondingSourceObject: {fileID: 0}
  m_PrefabInstance: {fileID: 0}
  m_PrefabAsset: {fileID: 0}
  serializedVersion: 6
  m_Component:
  - component: {fileID: 5599452479530630783}
  m_Layer: 9
  m_Name: Shield
  m_TagString: Untagged
  m_Icon: {fileID: 0}
  m_NavMeshLayer: 0
  m_StaticEditorFlags: 0
  m_IsActive: 1
--- !u!4 &5599452479530630783
Transform:
  m_ObjectHideFlags: 0
  m_CorrespondingSourceObject: {fileID: 0}
  m_PrefabInstance: {fileID: 0}
  m_PrefabAsset: {fileID: 0}
  m_GameObject: {fileID: 8958737997533000783}
  m_LocalRotation: {x: -0.46805012, y: 0.6354643, z: -0.36794847, w: -0.49165854}
  m_LocalPosition: {x: -37.014797, y: -40.35469, z: -73.63899}
  m_LocalScale: {x: 1, y: 1, z: 1}
  m_Children: []
  m_Father: {fileID: 6993193247002097211}
  m_RootOrder: 0
  m_LocalEulerAnglesHint: {x: 69.42553, y: -134.4574, z: -39.307327}
--- !u!1 &9080852091217135907
GameObject:
  m_ObjectHideFlags: 0
  m_CorrespondingSourceObject: {fileID: 0}
  m_PrefabInstance: {fileID: 0}
  m_PrefabAsset: {fileID: 0}
  serializedVersion: 6
  m_Component:
  - component: {fileID: 2443315499102462084}
  m_Layer: 9
  m_Name: Toes_L
  m_TagString: Untagged
  m_Icon: {fileID: 0}
  m_NavMeshLayer: 0
  m_StaticEditorFlags: 0
  m_IsActive: 1
--- !u!4 &2443315499102462084
Transform:
  m_ObjectHideFlags: 0
  m_CorrespondingSourceObject: {fileID: 0}
  m_PrefabInstance: {fileID: 0}
  m_PrefabAsset: {fileID: 0}
  m_GameObject: {fileID: 9080852091217135907}
  m_LocalRotation: {x: 0.030689945, y: -0.7052274, z: 0.03247723, w: 0.7075717}
  m_LocalPosition: {x: -30.232239, y: 6.654003e-16, z: -4.385785e-15}
  m_LocalScale: {x: 1, y: 1, z: 1}
  m_Children: []
  m_Father: {fileID: 5356805371051829273}
  m_RootOrder: 0
  m_LocalEulerAnglesHint: {x: 0, y: 0, z: 0}
